@IEEEtranBSTCTL{IEEEexample:BSTcontrol,
CTLuse_forced_etal       = "yes",
CTLmax_names_forced_etal = "3",
CTLnames_show_etal       = "2",
CTLdash_repeated_names = "no" }

@string{ton = "IEEE/ACM Transactions on Networking"}
@string{tc = "IEEE Transactions on Communications"}
@string{tcomp = "IEEE Transactions on Computers"}
@string{jsac = "IEEE Journal on Selected Areas in Communications"}
@string{jlt = "IEEE/OSA Journal of Lightwave Technology"}
@string{cmag = "IEEE Communications Magazine"}
@string{onm = "Optical Networks Magazine"}
@string{surveys = "Communications Surveys and Tutorials."}
@string{jopt = "Journal of Optical Networking"}
@string{jocn = "IEEE/OSA Journal of Optical Communications and Networking"}
@string{infocom = "Proceedings, IEEE International Conference on Computer Communications (INFOCOM)" }
@string{globecom = "Proceedings, IEEE Global Communications Conference (GLOBECOM)'' }
@string{broadnets = "Proceedings, International Conference on Broadband Communications, Networks, and Systems (BROADNETS)"}
@string{icc = "Proceedings, IEEE International Conference on Communications (ICC)"}
@string{ofc = "Proceedings, OSA Optical Fiber Communication Conference (OFC)"}
@string{icnc = "Proceedings, IEEE International Conference on Computing, Networking and Communications (ICNC)"}
@string{drcn = "Proceedings, International Conference on Design of Reliable Communication Networks (DRCN)"}
@string{icton = "Proceedings, International Conference on Transparent Optical Networks (ICTON)"}


@ARTICLE{dummyRef, 
author = {John Smith and Jane Doe}, 
title = {Dummy Article to show that the Bibliography is working}, 
volume = {XX}, 
journal = {Journal of Bullshit}, 
number = {YY}, 
pages = {1--1000000}, 
publisher = {Santa Claus},
month = dec,
year = {1 AD},
}

